@article{sift,
  title={Distinctive image features from scale-invariant keypoints},
  author={Lowe, David G},
  journal={International journal of computer vision},
  volume={60},
  number={2},
  pages={91--110},
  year={2004},
  publisher={Springer}
}

@article{brief,
  title={Brief: Binary robust independent elementary features},
  author={Calonder, Michael and Lepetit, Vincent and Strecha, Christoph and Fua, Pascal},
  journal={Computer Vision--ECCV 2010},
  pages={778--792},
  year={2010},
  publisher={Springer}
}

@article{ransac,
  title={Random sample consensus: a paradigm for model fitting with applications to image analysis and automated cartography},
  author={Fischler, Martin A and Bolles, Robert C},
  journal={Communications of the ACM},
  volume={24},
  number={6},
  pages={381--395},
  year={1981},
  publisher={ACM}
}
@article{panoramic-sift,
  title={Automatic panoramic image stitching using invariant features},
  author={Brown, Matthew and Lowe, David G},
  journal={International journal of computer vision},
  volume={74},
  number={1},
  pages={59--73},
  year={2007},
  publisher={Springer}
}
@incollection{focal,
  title={Construction of panoramic image mosaics with global and local alignment},
  author={Shum, H-Y and Szeliski, Richard},
  booktitle={Panoramic vision},
  pages={227--268},
  year={2001},
  publisher={Springer}
}

@ONLINE{flann,
	title={FLANN - Fast Library for Approximate Nearest Neighbors},
	url={http://www.cs.ubc.ca/research/flann/}
}
